
@misc{logo,
  title={Logo.png},
  howpublished={https://commons.wikimedia.org/wiki/File:Globe\_of\_language.png}
}

@misc{tcstar,
  title={Technology and Corpora for Speech to Speech Translation},
  howpublished={http://tcstar.org/}
}


@article{tang2016multi,
  title={Multi-task Recurrent Model for True Multilingual Speech Recognition},
  author={Tang, Zhiyuan and Li, Lantian and Wang, Dong},
  journal={arXiv preprint arXiv:1609.08337},
  year={2016}
}


@article{zissman1996comparison,
  title={Comparison of four approaches to automatic language identification of telephone speech},
  author={Zissman, Marc A and others},
  journal={IEEE Transactions on speech and audio processing},
  volume={4},
  number={1},
  pages={31},
  year={1996}
}
@inproceedings{torres2002approaches,
  title={Approaches to language identification using Gaussian mixture models and shifted delta cepstral features.},
  author={Torres-Carrasquillo, Pedro A and Singer, Elliot and Kohler, Mary A and Greene, Richard J and Reynolds, Douglas A and Deller Jr, John R},
  booktitle={Interspeech},
  year={2002}
}
@ARTICLE{4032773,
author={H. Li and B. Ma and C. H. Lee},
journal={IEEE Transactions on Audio, Speech, and Language Processing},
title={A Vector Space Modeling Approach to Spoken Language Identification},
year={2007},
volume={15},
number={1},
pages={271-284},
keywords={decoding;natural language processing;speech coding;speech recognition;unsupervised learning;acoustic segment models;automatic spoken language identification;decoding;likelihood-based n-gram language modeling;phonetic transcription;sound characteristics;spoken utterance;unsupervised learning;vector space classifier;vector space modeling approach;Artificial neural networks;Decoding;Hidden Markov models;NIST;Natural languages;Space technology;Speech recognition;Statistics;Support vector machines;Unsupervised learning;Acoustic segment models (ASMs);artificial neural network (ANN);spoken language identification;support vector machine (SVM);text categorization;vector space model (VSM)},
doi={10.1109/TASL.2006.876860},
ISSN={1558-7916},
month={Jan},}

@ARTICLE{6680440,
author={Y. Song and B. Jiang and Y. Bao and S. Wei and L. R. Dai},
journal={Electronics Letters},
title={I-vector representation based on bottleneck features for language identification},
year={2013},
volume={49},
number={24},
pages={1569-1570},
doi={10.1049/el.2013.1721},
ISSN={0013-5194},
month={November},}

@article{d2012phonotactic,
  title={Phonotactic language recognition using i-vectors and phoneme posteriogram counts},
  author={D'haro Enr{\'\i}quez, Luis Fernando and Glembek, Ond{\v{r}}ej and Plchot, Old{\v{r}}ich and Mat{\v{e}}jka, Pavel and Soufifar, Mehdi and C{\'o}rdoba Herralde, Ricardo de and {\v{C}}ernock{\`y}, Jan},
  year={2012},
  publisher={Telecomunicacion}}

@article{song2015deep,
  title={Deep bottleneck network based i-vector representation for language identification},
  author={Song, Yan and Hong, Xinhai and Jiang, Bing and Cui, Ruilian and McLoughlin, Ian Vince and Dai, Lirong},
  year={2015}
}

@article{matejka2014neural,
  title={Neural network bottleneck features for language identification},
  author={Matejka, Pavel and Zhang, Le and Ng, Tim and Mallidi, Harish Sri and Glembek, Ondrej and Ma, Jeff and Zhang, Bing},
  journal={Proc. IEEE Odyssey},
  pages={299--304},
  year={2014},
  publisher={Citeseer}
}
@INPROCEEDINGS{6289007,
author={M. Heck and S. Stüker and A. Waibel},
booktitle={2012 IEEE International Conference on Acoustics, Speech and Signal Processing (ICASSP)},
title={A hybrid phonotactic language identification system with an SVM back-end for simultaneous lecture translation},
year={2012},
pages={4857-4860},
keywords={language translation;natural language processing;speech processing;support vector machines;SVM backend classifier;additional language model;baseline system;bilingual lecture task;hybrid phonotactic language identification system;hybrid system;keyword spotting;language discrimination;lecture translation system;lexical information;score-fusing language cue feature vectors;simultaneous lecture translation;Acoustics;Computational modeling;Data models;Decoding;Hidden Markov models;Support vector machines;Training;language identification;lecture translation;speech translation;support vector machines},
doi={10.1109/ICASSP.2012.6289007},
ISSN={1520-6149},
month={March},}
@INPROCEEDINGS{Mueller2016b,
  Title                    = {Language Adaptive DNNs for Improved Low Resource Speech Recognition},
  Author                   = {Markus Müller and Sebastian Stüker and Alex Waibel},
  Booktitle                = {Proceedings of the 17th Annual Conference of the International Speech Communication Association (INTERSPEECH)},
  Year                     = {2016},
  Address                  = {San Francisco, USA},
  Month                    = {September 8-12},
  File                     = {:Mueller2016b.pdf:PDF},
  Link                     = {http://isl.anthropomatik.kit.edu/cmu-kit/english/6061.php},
}
@ARTICLE{6451097,
author={H. Li and B. Ma and K. A. Lee},
journal={Proceedings of the IEEE},
title={Spoken Language Recognition: From Fundamentals to Practice},
year={2013},
volume={101},
number={5},
pages={1136-1159},
keywords={speech recognition;cognitive science;computational aspect;computational framework;language recognition evaluation;machine learning;pattern recognition;phonological aspect;signal processing;spoken language recognition;technological breakthrough;Acoustic signal processing;Classification;Databases;Information processing;NIST;Natural language processing;Semantics;Speech processing;Speech recognition;Acoustic features;calibration;classifier;fusion;language recognition evaluation (LRE);phonotactic features;spoken language recognition;tokenization;vector space modeling},
doi={10.1109/JPROC.2012.2237151},
ISSN={0018-9219},
month={May},}